@article{osorio_rc_type_2017,
 author = {Osorio, Mauricio and Castellanos Joo, Jose Abel},
 doi = {10.1093/jigpal/jzw065},
 issn = {1368-9894},
 journal = {Logic Journal of IGPL},
 month = {Jan},
 pages = {jzw065},
 publisher = {Oxford University Press (OUP)},
 title = {Equivalence among $RC$-type paraconsistent logics},
 url = {http://dx.doi.org/10.1093/jigpal/jzw065},
 year = {2017}
}

