@inproceedings{castellanos2021axdinterpolator,
 author = {Castellanos Joo, Jose Abel and Ghilardi, Silvio and Gianola, Alessandro and Kapur, Deepak},
 booktitle = {19th International Workshop on Satisfiability Modulo Theories co-located with 33rd International Conference on Computer Aided Verification (CAV 2021)},
 organization = {CEUR-WS.org},
 pages = {40--52},
 title = {AXDInterpolator: A Tool for Computing Interpolants for Arrays with MaxDiff},
 volume = {2908},
 year = {2021}
}

