@article{osorio_c_n_systems_2015,
 author = {Osorio, Mauricio and Castellanos Joo, Jose Abel},
 doi = {10.1016/j.entcs.2015.06.002},
 issn = {1571-0661},
 journal = {Electronic Notes in Theoretical Computer Science},
 month = {Sep},
 pages = {3–16},
 publisher = {Elsevier BV},
 title = {A Single Proof of Classical Behaviour in da Costa’s $C_n$ Systems},
 url = {http://dx.doi.org/10.1016/j.entcs.2015.06.002},
 volume = {315},
 year = {2015}
}

