@article{osorio_weaking_ext_z_2015,
 author = {Osorio, Mauricio and Carballido, J. L. and Zepeda, C. and
Castellanos Joo, Jose Abel},
 doi = {10.1007/s11787-015-0128-6},
 issn = {1661-8300},
 journal = {Logica Universalis},
 month = {Aug},
 number = {3},
 pages = {383–409},
 publisher = {Springer Science and Business Media LLC},
 title = {Weakening and Extending $ℤ$},
 url = {http://dx.doi.org/10.1007/s11787-015-0128-6},
 volume = {9},
 year = {2015}
}

